@book{CyDE,
    title = {y Dispositivos Electrónicos - Fundamentos de electrónica (sexta edición)},
    author = {Lluís Prat Viñas, ed.},
    isbn = {84-8301-291-X},
    year = {1999},
    publisher = {Edicions UPC}
}

@book{FDCE,
    title = {Fundamentos de Circuitos Electrónicos - Tercera Edición},
    author = {Alexander, Charles K. and Sadiku, Matthew N. O.},
    translator = {Bermúdez, Aristeo Vera},
    isbn = {970-10-5606-X},
    year = {2006},
    publisher = {McGraw-Hill Interamericana}
}
